成交时间	成交价	价格变动	成交量(手)	成交额(元)	性质
15:00:20	12.49	0.04	140	174860	买盘
14:56:41	12.45	0.05	99	123877	买盘
14:55:44	12.4	--	1	1240	卖盘
14:55:05	12.4	0.01	4	4960	买盘
14:53:53	12.39	-0.01	4	4956	卖盘
14:52:11	12.4	0.01	6	7440	中性盘
14:50:59	12.39	--	2	2478	买盘
14:50:35	12.39	--	9	11151	买盘
14:50:23	12.39	--	7	8673	买盘
14:50:08	12.39	--	25	30975	买盘
14:49:20	12.39	--	11	13629	中性盘
14:46:11	12.39	0.01	5	6195	中性盘
14:34:10	12.38	-0.02	20	24760	卖盘
14:33:55	12.4	0.02	1	1612	中性盘
14:16:13	12.38	-0.09	0	1176	卖盘
14:14:31	12.47	-0.04	6	7482	中性盘
13:23:36	12.51	-0.01	4	5004	中性盘
13:19:54	12.52	-0.02	5	6260	中性盘
13:18:03	12.54	--	4	5016	卖盘
13:17:48	12.54	0.02	10	12540	卖盘
13:17:45	12.52	0.07	6	7512	买盘
13:16:33	12.45	0.05	105	131596	买盘
13:02:50	12.4	--	11	14012	卖盘
13:01:26	12.4	0.04	88	109988	买盘
11:17:51	12.36	--	4	4944	卖盘
11:12:42	12.36	--	3	3708	卖盘
11:04:30	12.36	--	8	9888	中性盘
11:00:51	12.36	-0.04	10	12360	卖盘
11:00:21	12.4	0.01	5	6200	买盘
10:52:18	12.39	--	10	12390	中性盘
10:49:11	12.39	0.07	10	12390	中性盘
10:45:35	12.32	-0.08	1	1232	中性盘
10:34:08	12.4	--	2	2480	卖盘
10:34:02	12.4	--	10	12400	卖盘
10:33:47	12.4	0.09	48	59520	买盘
10:33:44	12.31	0.01	2	2462	中性盘
10:30:50	12.3	-0.07	20	24600	卖盘
10:29:50	12.37	0.07	2	2474	买盘
10:21:50	12.3	--	2	2460	卖盘
10:18:17	12.3	-0.07	2	2460	卖盘
10:15:29	12.37	0.07	6	7421	中性盘
10:10:53	12.3	-0.09	3	3690	卖盘
10:06:53	12.39	-0.02	6	7434	中性盘
09:55:38	12.41	0.13	3	3723	买盘
09:55:05	12.28	-0.13	1	1228	中性盘
09:48:46	12.41	-0.02	1	1241	中性盘
09:46:28	12.43	0.2	20	24860	买盘
09:43:52	12.23	--	2	3179	买盘
09:43:46	12.23	-0.2	2	2446	卖盘
09:43:43	12.43	0.23	10	12430	中性盘
09:40:43	12.2	--	5	6100	买盘
09:40:40	12.2	--	12	14640	买盘
09:40:37	12.2	--	31	37820	买盘
09:40:25	12.2	--	20	24400	买盘
09:40:22	12.2	--	9	10980	买盘
09:40:16	12.2	--	10	12200	买盘
09:40:01	12.2	--	30	36600	买盘
09:39:49	12.2	--	1	1220	买盘
09:39:46	12.2	--	20	24400	买盘
09:39:31	12.2	-0.05	62	75640	卖盘
09:39:07	12.25	-0.03	200	245000	卖盘
09:38:25	12.28	-0.02	250	307000	卖盘
09:34:10	12.3	-0.01	9	11070	卖盘
09:33:52	12.31	0.03	9	11079	中性盘
09:30:04	12.28	12.28	29	35612	买盘
