成交时间	成交价	价格变动	成交量(手)	成交额(元)	性质
15:00:22	112.98	1.38	3	33894	买盘
14:56:57	111.6	-1.38	5	55800	卖盘
14:55:37	112.98	--	1	11298	中性盘
14:54:02	112.98	1.08	6	67788	买盘
14:52:37	111.9	-0.1	1	11190	卖盘
14:50:32	112.0	-0.28	13	148288	卖盘
14:47:12	112.28	--	2	25375	买盘
14:41:57	112.28	--	0	7747	卖盘
14:41:12	112.28	--	0	112	卖盘
14:40:22	112.28	-0.22	0	3368	卖盘
14:39:12	112.5	--	1	11250	买盘
14:39:07	112.5	--	0	562	卖盘
14:36:07	112.5	0.5	0	10687	买盘
14:35:22	112.0	--	0	5600	买盘
14:33:57	112.0	-0.2	8	95200	卖盘
14:31:52	112.2	-0.3	1	11220	卖盘
14:30:52	112.5	-0.5	0	562	卖盘
14:27:37	113.0	--	7	79100	卖盘
14:25:47	113.0	--	6	67800	卖盘
14:24:57	113.0	--	1	11300	卖盘
14:24:32	113.0	--	1	11300	卖盘
14:23:52	113.0	0.5	8	90400	买盘
14:07:52	112.5	-0.5	0	10687	中性盘
13:59:47	113.0	0.99	1	11300	买盘
13:45:17	112.01	-0.99	0	5600	中性盘
13:25:37	113.0	1.08	1	11300	中性盘
13:16:57	111.92	-1.18	0	1454	卖盘
13:14:37	113.1	--	5	56550	买盘
13:02:27	113.1	--	1	11310	买盘
11:28:47	113.1	0.09	1	21489	卖盘
11:28:07	113.01	--	0	1130	买盘
11:21:17	113.01	0.01	1	11301	买盘
11:20:52	113.0	0.01	1	11300	买盘
11:20:02	112.99	0.01	1	11299	买盘
11:19:37	112.98	1.07	1	11298	买盘
11:19:37	111.91	-0.09	1	11191	卖盘
11:18:12	112.0	-0.01	1	11200	卖盘
11:16:32	112.01	-0.99	1	11201	中性盘
11:08:52	113.0	-0.01	0	9040	卖盘
11:08:07	113.01	0.01	3	33903	中性盘
10:59:52	113.0	--	1	13560	卖盘
10:58:47	113.0	--	10	113000	卖盘
10:56:22	113.0	0.64	3	33900	买盘
10:55:07	112.36	0.45	5	56180	中性盘
10:52:12	111.91	0.01	7	78337	买盘
10:49:07	111.9	-0.01	1	11190	卖盘
10:48:22	111.91	--	1	11191	卖盘
10:43:32	111.91	--	1	11191	卖盘
10:42:17	111.91	-0.1	1	11191	卖盘
10:28:32	112.01	-1.14	1	11201	中性盘
10:27:42	113.15	--	6	67890	卖盘
10:27:27	113.15	-0.23	1	11315	中性盘
10:18:22	113.38	1.48	2	22676	中性盘
10:16:42	111.9	-0.1	7	78330	卖盘
10:12:47	112.0	--	1	11200	中性盘
10:11:02	112.0	--	50	560000	卖盘
10:07:37	112.0	--	2	22400	买盘
10:06:17	112.0	0.79	1	11200	中性盘
10:03:17	111.21	-0.79	1	11121	中性盘
10:01:42	112.0	-1.55	4	44800	卖盘
10:00:17	113.55	-0.02	1	11355	中性盘
09:52:47	113.57	--	1	11357	卖盘
09:52:22	113.57	--	5	56785	卖盘
09:51:52	113.57	1.8	1	11357	中性盘
09:45:42	111.77	-2.01	1	11177	中性盘
09:44:42	113.78	2.85	1	11378	中性盘
09:41:52	110.93	0.38	0	998	中性盘
09:37:57	110.55	-2.93	1	11055	中性盘
09:36:47	113.48	113.48	1	11348	买盘
