成交时间	成交价	价格变动	成交量(手)	成交额(元)	性质
15:00:17	118.87	0.07	50	594350	买盘
14:56:52	118.8	--	1	11880	卖盘
14:56:22	118.8	-0.1	1	11880	卖盘
14:55:37	118.9	-0.08	1	11890	中性盘
14:54:47	118.98	0.18	21	249858	买盘
14:54:47	118.8	0.3	1	11880	买盘
14:54:17	118.5	0.11	1	11850	买盘
14:54:02	118.39	--	2	23678	卖盘
14:53:42	118.39	0.39	5	59195	买盘
14:53:02	118.0	--	34	404740	买盘
14:51:52	118.0	1	20	236000	买盘
14:51:12	117.0	-0.04	2	23400	买盘
14:51:02	117.04	-0.96	6	70224	卖盘
14:50:17	118.0	1	36	424800	买盘
14:49:02	117.0	-0.97	8	93600	卖盘
14:46:27	117.97	--	25	303182	卖盘
14:45:57	117.97	--	5	58985	卖盘
14:45:47	117.97	--	1	11797	卖盘
14:45:42	117.97	1.02	13	156900	买盘
14:44:32	116.95	-0.85	1	11695	中性盘
14:43:27	117.8	--	12	149606	卖盘
14:42:32	117.8	-0.05	1	15314	卖盘
14:42:17	117.85	0.05	1	11785	买盘
14:41:57	117.8	0.06	28	329840	买盘
14:41:27	117.74	0.14	1	11774	买盘
14:39:32	117.6	--	0	352	中性盘
14:16:57	117.6	0.6	9	105840	买盘
14:16:07	117.0	-0.6	3	35100	中性盘
14:06:47	117.6	0.01	1	11760	买盘
14:06:07	117.59	0.18	1	11759	买盘
14:05:12	117.41	0.98	2	23482	买盘
13:47:12	116.43	0.07	1	11643	中性盘
13:23:02	116.36	-0.06	7	81452	卖盘
13:16:42	116.42	-0.7	1	11642	中性盘
13:01:27	117.12	-0.32	42	491904	卖盘
13:00:02	117.44	1.19	5	58720	中性盘
11:24:47	116.25	--	1	11625	买盘
11:24:12	116.25	-1.31	3	34875	中性盘
11:16:32	117.56	1.48	1	11756	中性盘
11:07:52	116.08	-0.52	5	58040	卖盘
11:06:02	116.6	0.1	1	11660	中性盘
11:01:17	116.5	--	0	5825	买盘
11:00:32	116.5	-0.02	0	5825	卖盘
10:59:07	116.52	-1.33	1	11652	中性盘
10:51:02	117.85	1.35	2	23570	买盘
10:47:57	116.5	--	4	52425	买盘
10:47:37	116.5	-0.5	0	5825	卖盘
10:45:02	117.0	-0.85	29	345150	卖盘
10:44:17	117.85	--	2	23570	买盘
10:39:52	117.85	--	1	11785	中性盘
10:38:12	117.85	0.74	1	11785	中性盘
10:33:27	117.11	-0.01	1	11711	中性盘
10:30:42	117.12	-0.01	10	117120	卖盘
10:30:27	117.13	-0.05	1	11713	卖盘
10:30:12	117.18	-0.81	2	23436	中性盘
10:09:27	117.99	0.89	1	11799	买盘
10:05:27	117.1	0.1	1	11710	中性盘
09:47:17	117.0	--	5	58500	卖盘
09:43:47	117.0	-1.87	3	40950	卖盘
09:41:37	118.87	0.01	1	11887	买盘
09:40:17	118.86	-0.14	1	11886	中性盘
09:36:52	119.0	--	1	13685	卖盘
09:36:42	119.0	0.01	2	23800	卖盘
09:36:32	118.99	--	16	200498	买盘
09:36:17	118.99	0.22	34	404566	买盘
09:36:02	118.77	2.27	56	665112	买盘
09:35:57	116.5	--	3	34950	卖盘
09:35:32	116.5	2	2	29125	中性盘
09:33:37	114.5	0.05	1	11450	中性盘
09:32:17	114.45	-2.55	2	22890	卖盘
09:32:02	117.0	-0.97	1	11700	中性盘
09:30:02	117.97	-1.02	17	200549	中性盘
09:25:02	118.99	118.99	45	535455	买盘
