成交时间	成交价	价格变动	成交量(手)	成交额(元)	性质
14:56:39	103.0	--	22	226600	卖盘
14:53:09	103.0	0.39	17	175100	买盘
14:52:24	102.61	--	7	71827	卖盘
14:51:49	102.61	-0.37	2	20522	卖盘
14:51:44	102.98	-0.02	3	30894	中性盘
14:47:09	103.0	1	1	10300	买盘
14:47:04	102.0	--	8	81600	买盘
14:46:34	102.0	--	12	122400	买盘
14:46:14	102.0	-0.98	80	816000	卖盘
14:45:29	102.98	0.38	2	20596	中性盘
14:43:19	102.6	-0.58	5	51300	卖盘
14:42:39	103.18	0.58	4	41272	买盘
14:41:34	102.6	--	2	20520	买盘
14:40:59	102.6	-0.2	5	51300	中性盘
14:39:04	102.8	0.25	5	51400	卖盘
14:36:59	102.55	--	2	20510	买盘
14:36:44	102.55	--	1	10255	买盘
14:36:44	102.55	-0.33	12	123060	卖盘
14:36:09	102.88	-0.3	10	102880	中性盘
14:34:19	103.18	0.33	4	41272	买盘
14:32:24	102.85	-0.02	1	10285	中性盘
14:31:59	102.87	0.01	3	30861	买盘
14:31:44	102.86	0.45	10	102860	买盘
14:29:39	102.41	-0.39	1	10241	卖盘
14:28:44	102.8	-0.06	2	20560	中性盘
14:26:49	102.86	-0.02	10	102860	中性盘
14:21:39	102.88	--	14	144032	中性盘
14:19:09	102.88	0.38	6	61728	买盘
14:17:09	102.5	--	2	20500	买盘
14:16:29	102.5	-0.38	31	317750	卖盘
14:15:54	102.88	-0.12	2	20576	中性盘
14:14:59	103.0	0.4	3	30900	买盘
14:14:34	102.6	-0.46	10	102600	卖盘
14:12:59	103.06	0.01	3	30918	买盘
14:12:09	103.05	0.35	3	30915	买盘
14:07:29	102.7	--	1	10270	卖盘
14:05:19	102.7	0.09	1	10270	中性盘
13:59:24	102.61	0.01	1	10261	中性盘
13:51:09	102.6	--	1	10260	中性盘
13:41:49	102.6	-0.4	5	51300	中性盘
13:28:34	103.0	0.49	3	30900	买盘
13:24:49	102.51	-0.02	3	30753	卖盘
13:24:19	102.53	-0.08	10	102530	卖盘
13:21:39	102.61	--	3	30783	卖盘
13:21:04	102.61	-0.44	34	348874	中性盘
13:09:59	103.05	--	2	20610	买盘
13:03:59	103.05	0.01	1	10305	买盘
13:03:34	103.04	0.53	2	20608	买盘
13:01:59	102.51	-0.05	10	102510	卖盘
13:01:34	102.56	-0.04	5	51280	卖盘
12:59:59	102.6	--	25	256500	卖盘
11:29:29	102.6	--	1	10260	卖盘
11:29:14	102.6	-0.21	10	102600	卖盘
11:25:59	102.81	--	1	10281	卖盘
11:16:49	102.81	--	3	30843	卖盘
11:09:14	102.81	-0.25	10	102810	卖盘
11:07:14	103.06	0.06	1	10306	买盘
11:05:39	103.0	--	3	30900	中性盘
11:02:39	103.0	--	2	20600	中性盘
10:47:04	103.0	--	2	20600	买盘
10:46:54	103.0	-0.18	17	175100	卖盘
10:44:29	103.18	--	1	10318	买盘
10:39:39	103.18	0.18	2	20636	买盘
10:34:19	103.0	0.19	4	46350	买盘
10:28:24	102.81	-0.19	10	102810	卖盘
10:24:24	103.0	--	1	10300	买盘
10:22:09	103.0	--	17	180250	卖盘
10:14:59	103.0	--	3	30900	卖盘
10:14:14	103.0	--	3	30900	卖盘
10:06:39	103.0	-0.1	19	200850	卖盘
10:04:59	103.1	-0.7	3	30930	卖盘
10:00:14	103.8	--	1	10380	买盘
09:59:19	103.8	-0.04	9	93420	中性盘
09:57:14	103.84	-0.01	2	20768	中性盘
09:56:49	103.85	-0.04	2	20770	中性盘
09:55:59	103.89	-0.01	1	10389	中性盘
09:54:54	103.9	0.89	3	31170	中性盘
09:52:19	103.01	-0.96	6	61806	卖盘
09:52:04	103.97	0.02	1	10397	中性盘
09:50:19	103.95	--	1	10395	卖盘
09:49:49	103.95	0.95	3	31185	中性盘
09:43:19	103.0	--	11	113300	中性盘
09:39:49	103.0	0.45	16	164800	中性盘
09:32:24	102.55	-1.45	2	20510	中性盘
09:31:59	104.0	-0.66	1	10400	买盘
09:30:59	104.66	--	1	10466	卖盘
09:30:54	104.66	0.66	1	10466	买盘
09:30:29	104.0	--	1	10400	卖盘
09:30:04	104.0	104	9	93600	买盘
