成交时间	成交价	价格变动	成交量(手)	成交额(元)	性质
15:00:24	29.4	-0.02	3	8820	卖盘
14:56:44	29.42	0.01	6	17652	买盘
14:56:19	29.41	--	3	8823	卖盘
14:55:49	29.41	--	14	41174	卖盘
14:55:49	29.41	0.01	4	11764	买盘
14:52:14	29.4	--	1	2940	卖盘
14:51:34	29.4	0.1	7	20580	买盘
14:49:39	29.3	--	3	8790	卖盘
14:42:54	29.3	-0.11	3	8790	中性盘
14:13:59	29.41	-0.01	1	2941	中性盘
14:09:34	29.42	--	0	676	卖盘
14:09:29	29.42	--	0	2265	卖盘
14:08:54	29.42	0.15	2	5884	买盘
14:08:24	29.27	--	3	8781	买盘
14:06:59	29.27	0.01	5	14635	中性盘
14:04:44	29.26	-0.18	1	2926	卖盘
14:02:54	29.44	0.03	1	2944	中性盘
14:01:09	29.41	0.01	5	14705	买盘
14:00:24	29.4	0.15	5	14700	买盘
13:58:54	29.25	--	13	39750	买盘
13:56:19	29.25	--	1	2925	买盘
13:56:09	29.25	--	2	5850	买盘
13:55:49	29.25	--	2	5850	买盘
13:55:34	29.25	--	2	5850	买盘
13:54:59	29.25	--	18	52650	买盘
13:47:59	29.25	--	3	8775	买盘
13:45:44	29.25	0.22	2	5850	买盘
13:41:09	29.03	-0.22	2	5806	中性盘
13:31:19	29.25	--	3	8775	买盘
13:23:14	29.25	0.22	28	81900	买盘
13:17:09	29.03	-0.02	4	11612	中性盘
13:15:49	29.05	--	2	5810	买盘
13:14:54	29.05	0.03	1	2905	中性盘
13:00:04	29.02	-0.23	2	5804	中性盘
11:24:14	29.25	-0.02	0	1199	卖盘
11:21:14	29.27	--	18	52686	卖盘
11:20:39	29.27	-0.02	2	5854	卖盘
11:17:49	29.29	--	20	58580	卖盘
11:13:29	29.29	-0.01	10	29290	中性盘
11:06:44	29.3	--	5	14650	卖盘
11:05:09	29.3	-0.1	5	14650	卖盘
11:04:49	29.4	--	10	29400	中性盘
10:59:54	29.4	-0.08	8	23520	卖盘
10:59:04	29.48	-0.02	1	2948	中性盘
10:56:19	29.5	0.01	8	23600	买盘
10:53:14	29.49	--	2	5898	卖盘
10:52:54	29.49	0.03	8	23592	买盘
10:51:34	29.46	--	6	17676	卖盘
10:50:34	29.46	--	4	11784	买盘
10:49:24	29.46	--	5	14730	买盘
10:48:59	29.46	0.16	3	8838	买盘
10:47:29	29.3	--	1	2930	买盘
10:46:19	29.3	0.05	5	14650	买盘
10:43:19	29.25	-0.01	53	155025	卖盘
10:41:49	29.26	-0.02	11	32186	卖盘
10:38:44	29.28	-0.02	28	81984	卖盘
10:37:54	29.3	0.02	1	2930	买盘
10:37:49	29.28	-0.02	0	1727	卖盘
10:37:14	29.3	0.02	1	2930	买盘
10:35:49	29.28	-0.02	3	8784	中性盘
10:30:19	29.3	--	1	2930	买盘
10:29:54	29.3	--	20	58600	买盘
10:29:49	29.3	0.04	1	2930	买盘
10:27:59	29.26	0.01	10	29260	买盘
10:27:34	29.25	0.01	24	70200	买盘
10:25:24	29.24	0.34	6	17544	中性盘
10:24:44	28.9	0.02	2	5780	中性盘
10:21:04	28.88	-0.37	2	5776	中性盘
10:09:34	29.25	--	10	29250	卖盘
10:09:29	29.25	--	10	29250	卖盘
10:09:04	29.25	--	2	5850	卖盘
10:08:49	29.25	--	7	20475	卖盘
10:07:19	29.25	0.5	1	2925	中性盘
10:04:49	28.75	--	4	11500	买盘
10:04:34	28.75	--	1	2875	买盘
10:04:09	28.75	-0.51	1	2875	中性盘
09:56:39	29.26	0.72	5	14630	中性盘
09:46:49	28.54	-0.71	2	5708	中性盘
09:42:19	29.25	-0.03	3	8775	中性盘
09:36:09	29.28	-0.02	1	2928	中性盘
09:33:39	29.3	-0.26	5	14650	中性盘
09:30:04	29.56	29.56	10	29560	买盘
